<?xml version="1.0" encoding="UTF-8"?><collection xmlns="http://www.loc.gov/MARC21/slim"><record><leader>00369nam--2200121-i-4500</leader><controlfield tag="001">000001957</controlfield><controlfield tag="002">20161230</controlfield><controlfield tag="005">20161230201024</controlfield><controlfield tag="008">060222s1000------------r-----000-0-eng-d</controlfield><datafield ind1=" " ind2=" " tag="100"><subfield code="a">Frank, Karl</subfield></datafield><datafield ind1=" " ind2=" " tag="245"><subfield code="a">Nucleonica.kerntechnik, wissenschaftliche und technische grundlagen sowie grenzgebiete eine bibliographie</subfield></datafield><datafield ind1=" " ind2=" " tag="260"><subfield code="a">Koln, W.E.Saarbach, 1958. 94 P</subfield></datafield><datafield ind1=" " ind2=" " tag="852"><subfield code="a">D.1034</subfield></datafield></record></collection>